@Comment А вот так оформляется библиография при помощи BibTeX.

@inbook{but_methods,
  author = {Н.Г. Бутакова and Н.В. Федоров},
  title =  {Криптографические методы и средства защиты информации: учебное пособие.},
  address = {СПб.},
  publisher =  {ИЦ «Интермедия»},
  year =  {2016},
  pagetotal = {384},
  language =     "russian"
}

@inbook{but_security,
  author = {Н.Г. Бутакова and Н.В. Федоров},
  title =  {Криптографическая защита информации: учебное пособие.},
  address = {М.},
  publisher =  {МГИУ},
  year =  {2011},
  pagetotal = {316},
  language = "russian"
}

@inbook{alferov,
  author = {А.П. Алферов and А.Ю. Зубов and А.С. Кузьмин and А.В. Черемушкин},
  title =  {Основы криптографии: Учебное пособие.},
  address = {М.},
  publisher =  {Гелиос АРВ},
  year =  {2002},
  pagetotal = {480},
  language =     "russian"
}

@inbook{zubov,
  author = {А.Ю. Зубов},
  title =  {Совершенные шифры.},
  address = {М.},
  publisher =  {Гелиос АРВ},
  year =  {2003},
  pagetotal = {162},
  language = "russian"
}

@inbook{yachenko,
  title =  {Введение в криптографию},
  editor = {В.В.Ященко.},
  edition = {3-е},
  address = {М.},
  publisher =  {МЦНМО: «ЧеРо»},
  year =  {2000},
  pagetotal = {288},
  language = "russian"
}

@inbook{nechayev,
  author = {В.И. Нечаев},
  title =  {Элементы криптографии (Основы теории защиты информации): Учеб. пособие для ун-тов и пед. Вузов},
  editor = {В.А.Садовничего},
  address = {М.},
  publisher =  {Высш.шк.},
  year =  {1999},
  pagetotal = {109},
  language = "russian"
}

@inbook{maslennikov,
  author = {М. Масленников},
  title =  {Практическая криптография.},
  address = {СПб.},
  publisher =  {БХВ-Петербург},
  year =  {2003},
  pagetotal = {464},
  language = "russian"
}

@online{intuit,
  author = {Г. Басалова},
  title = {Основы криптографии. Лекция 5: Алгоритмы шифрования DES и AES [Электронный ресурс]},
  url = {http://www.intuit.ru/studies/courses/691/547/lecture/12377},
  language = "russian"
}

@inbook{smart,
  author = {Н. Смарт},
  title =  {Криптография: пер. с англ. С. А. Кулешова, С. К. Ландо.},
  address = {М.},
  publisher =  {Изд-во Техносфера},
  year =  {2005},
  pagetotal = {528},
  language = "russian"
}

@inbook{diffi_hellman,
  author = {Диффи, У. and Хеллман, М.Э.},
  title =  {Новые направления в криптографии},
  year =  {1976},
  pagetotal = {654},
  language = "russian"
}

@inbook{stollings,
  author = {В. Столлингс},
  title =  {Криптография и защита сетей: Принципы и практика},
  edition = {2-е},
  address = {М.},
  publisher =  {Изд-во Вильямс},
  year =  {2001},
  pagetotal = {672},
  language = "russian"
}

@inbook{gost28147,
  title = 		 {ГОСТ 28147-89. Системы обработки информации. Защита криптографическая. Алгоритм криптографического преобразования.},
  address = {М.},
  year =  {1990},
  language =     "russian"
}

@inbook{gost34.10,
  title = 		 {ГОСТ Р 34.10-2012. Информационная технология. Криптографическая защита информации. Процессы формирования и проверки электронной цифровой подписи.},
  address = {М.},
  publisher =  {Стандартинформ},
  year =  {2012},
  language =     "russian"
}

@inbook{gost34.11_2012,
  title = 		 {ГОСТ Р 34.11-2012. Информационная технология. Криптографическая защита информации. Функция хэширования.},
  address = {М.},
  publisher =  {Стандартинформ},
  year =  {2012},
  language =     "russian"
}

@inbook{gost34.11_2015,
  title = 		 {ГОСТ Р 34.12-2015. Информационная технология. Криптографическая защита информации. Блочные шифры.},
  address = {М.},
  publisher =  {Стандартинформ},
  year =  {2015},
  language =     "russian"
}

@inbook{gost34.13_2015,
  title = 		 {ГОСТ Р 34.13-2015. Информационная технология. Криптографическая защита информации. Режимы работы блочных шифров.},
  address = {М.},
  publisher =  {Стандартинформ},
  year =  {2015},
  language =     "russian"
}

@online{python,
  title = {Официальная документация языка Python [Электронный ресурс]},
  url = {https://docs.python.org/3/},
  language = "russian"
}

@online{flask,
  title = {Официальная документация библиотеки Flask [Электронный ресурс]},
  url = {http://flask-russian-docs.readthedocs.io/ru/latest/},
  language = "russian"
}

@online{flask_restful,
  title = {Официальная документация библиотеки Flask-RESTful [Электронный ресурс]},
  url = {http://flask-restful.readthedocs.io/en/0.3.5/},
  language = "russian"
}

@online{js,
  title = {Официальная документация языка JavaScript (стандарт ECMAScript-2017) [Электронный ресурс]},
  url = {http://www.ecma-international.org/publications/files/ECMA-ST/Ecma-262.pdf},
  language = "russian"
}

@online{vue,
  title = {Официальная документация библиотеки Vue.js [Электронный ресурс]},
  url = {https://ru.vuejs.org/v2/api/},
  language = "russian"
}

@online{vuex,
  title = {Официальная документация библиотеки Vuex [Электронный ресурс]},
  url = {https://vuex.vuejs.org/en/},
  language = "russian"
}

@online{vue_routes,
  title = {Официальная документация библиотеки Vue-router [Электронный ресурс]},
  url = {https://router.vuejs.org/en/},
  language = "russian"
}


@online{docker,
  title = {Официальная документация системы контейнеризации Docker [Электронный ресурс]},
  url = {https://docs.docker.com/get-started/},
  language = "russian"
}

@online{docker-compose,
  title = {Официальная документация системы управления контейнерами Docker Compose [Электронный ресурс]},
  url = {https://docs.docker.com/compose/},
  language = "russian"
}

@online{git,
  title = {Официальный сайт системы контроля версий Git [Электронный ресурс]},
  url = {https://git-scm.com/},
  language = "russian"
}

@online{github,
  title = {Сайт открытого хостинга исходного кода Github [Электронный ресурс]},
  url = {https://github.com/},
  language = "russian"
}

@online{mit,
  title = {Текст лицензии открытого программного обеспечения MIT [Электронный ресурс]},
  url = {https://opensource.org/licenses/MIT},
  language = "russian"
}